@article{Norman2010,
title = "Natural User Interfaces Are Not Natural",
journal = "Interactions",
volume = "17",
number = "3",
pages = "6 - 10",
year = "2010",
author = "Donald A. Norman"}

@article{Annema2013,
title = "Video games in therapy: a therapists's perspective",
journal = "International Journal of Arts and Techonology",
volume = "6",
number = "1",
pages = "106 - 122",
year = "2013",
author = "Jan-Henk Annema and Mathijs Verstraete and Vanden Abeele, Vero and Stef Desmet and David Geerts"}

@article{Shneiderman2010,
title = "Direct Manipulation: A Step Beyond Programming Languages",
journal = "IEEE Computer",
volume = "16",
number = "8",
pages = "57 - 69",
year = "2010",
author = "Ben Shneiderman"}

@article{Jacob2008,
title = "Reality-based interaction: a framework for post-WIMP interfaces",
journal = "Proceedings of the SIGCHI Conference on Human Factors in Computing Systems",
volume = "CHI 08",
number = "1",
pages = "201 - 210",
year = "2008",
author = "Robert J. K. Jacob and Audrey Girouard and Leanne M. Hirshfield and Michael S. Horn and Orit Shaer and Erin Treacy Solovey and Jamie Zigelbaum"}

@article{Wensveen2004,
title = "Interaction frogger: a design framework to couple action and function through feedback and feedforward",
journal = "Proceedings of the 5th conference on Designing interactive systems",
volume = "DIS 04",
number = "1",
pages = "177 - 184",
year = "2004",
author = "S. A. G. Wensveen and J. P. Djajadiningrat and C. J. Overbeeke"}

@article{Hondori2014,
title = "A Review on Technical and Clinical Impact of Microsoft Kinect on Physical Therapy and Rehabilitation",
journal = "Journal of Medical Engineering",
volume = "2014",
number = "1",
pages = "16",
year = "2014",
author = "Hossein Mousavi Hondori and Maryam Khademi"}

@article{Lange2012,
title = "Interactive game-based rehabilitation using the Microsoft Kinect",
journal = "Virtual Reality Short Papers and Posters",
pages = "171 - 172",
year = "2012",
author = "Belinda Lange and Sebastian Koenig and Eric McConnell and Chien-Yen Chang and Rick Juang and Evan Suma and Mark Bolas and Albert Rizzo"}

@article{Chang2011,
title = "A Kinect-based system for physical rehabilitation: A pilot study for young adults with motor disabilities",
journal = "Research in Developmental Disabilities",
volume = "32",
number = "1",
pages = "2566 - 2570",
year = "2011",
author = "Yao-Jen Chang and Shu-Fang Chen and Jun-Da Huang"}

@article{Dahl2014,
title = "Comparing Outcomes of Kinect Videogame-Based Occupational/Physical Therapy Versus Usual Care",
journal = "Games Health J",
volume = "3",
number = "3",
pages = "157 - 161",
year = "2014",
author = "S. Dahl-Popolizio and J. Loman and C. C. Cordes"}

@article{Staiano2011,
title = "Exergames for Physical Education Courses: Physical, Social, and Cognitive Benefits",
journal = "Child Dev Perspect",
volume = "5",
number = "2",
pages = "93 - 98",
year = "2011",
author = "Amanda E. Staiano and Sandra L. Calvert"}

@article{Peng2011,
title = "Is Playing Exergames Really Exercising? A Meta-Analysis of Energy Expenditure in Active Video Games",
journal = "Cyberpsychology, Behavior, and Social Networking",
volume = "14",
number = "11",
pages = "681 - 688",
year = "2011",
author = "Wei Peng and Jih-Hsuan Lin and Julia Crouse"}

@article{Brauner2013,
title = "Increase Physical Fitness and Create Health Awareness through Exergames and Gamification",
journal = "Human Factors in Computing and Informatics",
volume = "7946",
number = "1",
pages = "349 - 362",
year = "2013",
author = "Philipp Brauner and Andre Calero Valdez and Ulrik Schroeder and Martina Ziefle"}

@MISC{MicrosoftGuidelines,
title = "Human Interface Guidelines v2.0",
howpublished = "\url{http://download.microsoft.com/download/6/7/6/676611B4-1982-47A4-A42E-4CF84E1095A8/KinectHIG.2.0.pdf}",
publisher = "Microsoft",   
year = "2014",
author = "Microsoft"}

@MISC{KinectSDK,
title = "Kinect for Windows SDK 2.0",
howpublished = "\url{https://www.microsoft.com/en-us/download/details.aspx?id=44561}",
publisher = "Microsoft",   
year = "2014",
author = "Microsoft"}

@MISC{KungFuKitchen,
title = "KungfuKeuken",
howpublished = "\url{https://projects.groept.be/~emedia/?page_id=344}",
publisher = "KULeuven",   
year = "2011",
author = "e-Media Lab"}

@MISC{LibSVM,
title = "LIBSVM - A Library for Support Vector Machines",
howpublished = "\url{https://www.csie.ntu.edu.tw/~cjlin/libsvm/}",   
year = "2016",
author = "Chih-Chung Chang and Chih-Jen Lin"}

@mastersthesis{Verbouw2016,
author = "Bert Verbouw and Winand van den Bergh",
title = "Machine Learning to create a motion controlled application",
school = "KU Leuven, GroepT",
type = "Master Internet computing",
year = "2015-2016"}

@article{Nakevska2011,
title = "Using Game Engines in Mixed Reality Installations",
journal = "Entertainment Computing - ICEC 2011",
volume = "LNCS 6972",
pages = "456 - 459",
year = "2011",
author = "Marija Nakevska and Casper Vos and Alex Juarez and Jun Hu and Geert Langereis and Matthias Rauterberg"}

@inproceedings{Geurts2011,
title = {Digital games for physical therapy: fulfilling the need for calibration and adaptation},
author = {Geurts, Luc and Vanden Abeele, Vero and Husson, Jelle and Windey, Frederik and Van Overveldt, Maarten and Annema, Jan-Henk and Desmet, Stef},
booktitile = {Proceedings of the fifth international conference on Tangible, embedded, and embodied interaction},
pages = {117 - 124},
year = {2011},
organization = {ACM}
}